<?xml version="1.0" encoding="UTF-8"?>
<record xmlns="http://www.loc.gov/MARC21/slim">
   <leader>00887cam a2200217 a 4500</leader>
   <controlfield tag="001">4461466</controlfield>
   <controlfield tag="003">NjP</controlfield>
   <controlfield tag="005">20180613175627.0</controlfield>
   <controlfield tag="007">hdubfa010baaa</controlfield>
   <controlfield tag="007">hdubfa010baba</controlfield>
   <controlfield tag="007">hduafa010baca</controlfield>
   <controlfield tag="008">050223s1945    ua a c        000 0 ara d</controlfield>
   <datafield tag="024" ind1="7" ind2=" ">
      <subfield code="a">princeton_aco004753</subfield>
      <subfield code="2">local</subfield>
   </datafield>
   <datafield ind1=" " ind2=" " tag="040">
      <subfield code="a">NjP</subfield>
      <subfield code="c">NjP</subfield>
   </datafield>
   <datafield ind1="1" ind2=" " tag="100">
      <subfield code="a">Ẓawāhirī, Fakhr al-Dīn al-Aḥmadī.</subfield>
   </datafield>
   <datafield ind1="1" ind2="3" tag="245">
      <subfield code="a">al-Siyāsah wa-al-Azhar min mudhakkirāt Shaykh al-Islām al-Ẓawāhirī /</subfield>
      <subfield code="c">bi-qalam Fakhr al-Dīn al-Aḥmadī al-Ẓawāhirī.</subfield>
   </datafield>
   <datafield ind1=" " ind2=" " tag="260">
      <subfield code="a">[Cairo] :</subfield>
      <subfield code="b">Maṭbaʻat al-Iʻtimād,</subfield>
      <subfield code="c">1945.</subfield>
   </datafield>
   <datafield ind1=" " ind2=" " tag="300">
      <subfield code="a">363 p. :</subfield>
      <subfield code="b">ill. ;</subfield>
      <subfield code="c">21 cm.</subfield>
   </datafield>
   <datafield ind1="1" ind2="0" tag="600">
      <subfield code="a">Ẓawāhirī, Muḥammad al-Aḥmadī,</subfield>
      <subfield code="d">-1944.</subfield>
      <subfield code="0">http://id.loc.gov/authorities/names/nr95008445</subfield>
   </datafield>
   <datafield ind1=" " ind2="0" tag="830">
      <subfield code="a">Princeton University Arabic collection ;</subfield>
      <subfield code="v">cn. 9402902.02.</subfield>
   </datafield>
   <datafield ind1=" " ind2="0" tag="830">
      <subfield code="a">Princeton University Arabic collection.</subfield>
      <subfield code="p">Phase II.</subfield>
   </datafield>
   <datafield ind1=" " ind2=" " tag="904">
      <subfield code="a">mv</subfield>
      <subfield code="b">m</subfield>
      <subfield code="h">m</subfield>
      <subfield code="c">b</subfield>
      <subfield code="e">20050223</subfield>
   </datafield>
   <datafield ind1=" " ind2=" " tag="902">
      <subfield code="a">mv</subfield>
      <subfield code="b">m</subfield>
      <subfield code="6">a</subfield>
      <subfield code="7">m</subfield>
      <subfield code="d">v</subfield>
      <subfield code="f">1</subfield>
      <subfield code="e">20050223</subfield>
   </datafield>
   <datafield ind1="8" ind2=" " tag="852">
      <subfield code="0">4714590</subfield>
      <subfield code="b">rcppa</subfield>
      <subfield code="h">2276.9918.386</subfield>
   </datafield>
   <datafield ind1=" " ind2=" " tag="959">
      <subfield code="a">2005-02-23 17:52:27 -0500</subfield>
   </datafield>
</record>
